
@inproceedings{abdo2018dds,
  title={Data-Driven Surrogate Model to Predict Isotopic Composition Using Dynamic Mode Decomposition},
  author={Abdo, Mohammad and Elzohery, Rabab and Roberts, Jeremy},
  booktitle={P  roceedings of PHYSOR 2018: Reactor Physics Paving The Way Towards More Efficient Systems},
  month={April},
  location={Cancun, Mexico},
  year={2018}
}

@article{elzohery2018cbg,
  title={Comparison Between Gaussian Processes and DMD Surrogates for Isotopic Composition Prediction},
  author={Elzohery, Rabab and Abdo, Mohammad and Roberts, Jeremy},
  journal={Transactions of the American Nuclear Society},
  month={June},
  year={2018},
  volume={118},
  location={Philadelphia, Pennsylvania},
  pages={459--462}
}


@book{smith2013uncertainty,
  title={Uncertainty quantification: theory, implementation, and applications},
  author={Smith, Ralph C},
  volume={12},
  year={2013},
  publisher={Siam}
}

@inproceedings{schmid:hal-01053394,
  TITLE = {{Dynamic mode decomposition of experimental data}},
  AUTHOR = {Schmid, Peter J.},
  URL = {https://hal-polytechnique.archives-ouvertes.fr/hal-01053394},
  BOOKTITLE = {{8th International Symposium on Particle Image Velocimetry (PIV09)}},
  ADDRESS = {Melbourne, Australia},
  YEAR = {2009},
  MONTH = Aug,
  HAL_ID = {hal-01053394},
  HAL_VERSION = {v1},
}

@article{schmid2010dynamic,
  title={Dynamic mode decomposition of numerical and experimental data},
  author={Schmid, Peter J},
  journal={Journal of fluid mechanics},
  volume={656},
  pages={5--28},
  year={2010},
  publisher={Cambridge University Press}
}

@book{kutzbook,
	title={Dynamic Mode Decomposition: Data-Driven Modeling of Complex Systems},
	author={Kutz, J Nathan and Brunton, Steven L and Brunton, Bingni W and Proctor, Joshua L},
	year={2016},
	publisher={SIAM}
}

@article{jovanovic,
	title={Low-rank and sparse dynamic mode decomposition},
	author={Jovanovic, MR and Schmid, PJ and Nichols, JW},
	journal={Center for Turbulence Research Annual Research Briefs},
	volume={2012},
	pages={139--152},
	year={2012},
	publisher={Center for Turbulence Research, Stanford Univ. Stanford, CA}
}

@article{Tu,
	title={On dynamic mode decomposition: theory and applications},
	author={Tu, Jonathan H and Rowley, Clarence W and Luchtenburg, Dirk M and Brunton, Steven L and Kutz, J Nathan},
	journal={arXiv preprint arXiv:1312.0041},
	year={2013}
}

@article{bbrunton,
	title={Extracting spatial--temporal coherent patterns in large-scale neural recordings using dynamic mode decomposition},
	author={Brunton, Bingni W and Johnson, Lise A and Ojemann, Jeffrey G and Kutz, J Nathan},
	journal={Journal of neuroscience methods},
	volume={258},
	pages={1--15},
	year={2016},
	publisher={Elsevier}
}

@article{sbrunton,
	title={Compressive sensing and low-rank libraries for classification of bifurcation regimes in nonlinear dynamical systems},
	author={Brunton, Steven L and Tu, Jonathan H and Bright, Ido and Kutz, J Nathan},
	journal={SIAM Journal on Applied Dynamical Systems},
	volume={13},
	number={4},
	pages={1716--1732},
	year={2014},
	publisher={SIAM}
}

@article{mrdmd,
	title={Multiresolution dynamic mode decomposition},
	author={Kutz, J Nathan and Fu, Xing and Brunton, Steven L},
	journal={SIAM Journal on Applied Dynamical Systems},
	volume={15},
	number={2},
	pages={713--735},
	year={2016},
	publisher={SIAM}
}

@article{dmdbackground,
	title={Dynamic mode decomposition for real-time background/foreground separation in video},
	author={Grosek, Jacob and Kutz, J Nathan},
	journal={arXiv preprint arXiv:1404.7592},
	year={2014}
}

@article{bruntonskoopman,
	title={Koopman invariant subspaces and finite linear representations of nonlinear dynamical systems for control},
	author={Brunton, Steven L and Brunton, Bingni W and Proctor, Joshua L and Kutz, J Nathan},
	journal={PloS one},
	volume={11},
	number={2},
	pages={e0150171},
	year={2016},
	publisher={Public Library of Science}
}

@article{nonlineardmd,
	title={Nonlinear model order reduction via dynamic mode decomposition},
	author={Alla, Alessandro and Kutz, J Nathan},
	journal={arXiv preprint arXiv:1602.05080},
	year={2016}
}

@article{subspacedmd,
	title={Subspace dynamic mode decomposition for stochastic Koopman analysis},
	author={Takeishi, Naoya and Kawahara, Yoshinobu and Yairi, Takehisa},
	journal={arXiv preprint arXiv:1705.04908},
	year={2017}
}

@article{LIM,
	title={Prediction of tropical Atlantic sea surface temperatures using linear inverse modeling},
	author={Penland, C{\'e}cile and Matrosova, Ludmila},
	journal={Journal of Climate},
	volume={11},
	number={3},
	pages={483--496},
	year={1998}
}

@inproceedings{liu2017sensitivity,
	title={Sensitivity Analysis of Interfacial Momentum Closure Terms in Two Phase Flow and Boiling Simulations Using MCFD Solver},
	author={Liu, Yang and Rollins, Chad and Dinh, Nam and Luo, Hong},
	booktitle={ASME 2017 Heat Transfer Summer Conference},
	pages={V002T11A004--V002T11A004},
	year={2017},
	organization={American Society of Mechanical Engineers}
}

@inproceedings{abdo2014propagation,
	title={Propagation of Error Bounds due to Active Subspace Reduction},
	author={Abdo, Mohammad and Abdel-Khalik, Hany},
	year={2014},
	organization={Transactions of American Nuclear Society}
}


@inproceedings{bayesiandmd,
	title={Bayesian Dynamic Mode Decomposition},
	author={Takeishi, Naoya and Kawahara, Yoshinobu and Tabei, Yasuo and Yairi, Takehisa},
	booktitle={Proc. of the 26th Intâ€™l Joint Conf. on Artificial Intelligence (IJCAI)},
	pages={2814--2821},
	year={2017}
}

@article{OntheFly,
	title={On-the-fly algorithm for Dynamic Mode Decomposition using Incremental Singular Value Decomposition and Total Least Squares},
	author={Matsumoto, Daiki and Indinger, Thomas},
	journal={arXiv preprint arXiv:1703.11004},
	year={2017}
}

@article{fbdmd,
	title={Characterizing and correcting for the effect of sensor noise in the dynamic mode decomposition},
	author={Dawson, Scott TM and Hemati, Maziar S and Williams, Matthew O and Rowley, Clarence W},
	journal={Experiments in Fluids},
	volume={57},
	number={3},
	pages={42},
	year={2016},
	publisher={Springer}
}

@article{dmdVariants,
	title={Variants of dynamic mode decomposition: boundary condition, Koopman, and Fourier analyses},
	author={Chen, Kevin K and Tu, Jonathan H and Rowley, Clarence W},
	journal={Journal of nonlinear science},
	volume={22},
	number={6},
	pages={887--915},
	year={2012},
	publisher={Springer}
}



@article{pydmd,
	Author = {Demo, Nicola and Tezzele, Marco and Rozza, Gianluigi},
	Title = {{PyDMD: Python Dynamic Mode Decomposition}},
	Journal = {The Journal of Open Source Software},
	Volume = {3},
	Number = {22},
	Pages = {530},
	Year = {2018},
	Doi = {https://doi.org/10.21105/joss.00530}
}


@book{cressie2011sst,
  title={{Statistics for Spatio-Temporal Data}},
  author={Cressie, Noel and Wikle, Christopher K},
  year={2011},
  publisher={John Wiley \& Sons}
}

@book{wikle2019sts,
  title={{Spatio-Temporal Statistics with R}},
  author={Wikle, Christopher and Zammit-Mangion, Andrew and Cressie, Noel},
  year={2019},
  publisher={Chapman and Hall}
}